@BOOK{FORTRAN,
  KEY = "American National Standards Institute",
  TITLE = "American National Standard Programming Language {FORTRAN}",
  PUBLISHER = "American National Standards Institute",
  SERIES = "{ANS X3.9}",
  ADDRESS = "New York",
  YEAR = 1978}

@INPROCEEDINGS{Gates:84,
  AUTHOR = "Barbara L. Gates and Paul S. Wang",
  TITLE = "A {LISP}-Based {RATFOR} Code Generator",
  BOOKTITLE = "Proceedings of the 1984 {MACSYMA} User's Conference",
  ADDRESS = "Schenectady, New York", MONTH = "July", YEAR = 1984}

@INPROCEEDINGS{Gates:85,
 AUTHOR = "Barbara L. Gates and J. A. van Hulzen",
 TITLE = "Automatic Generation of Optimized Programs",
 BOOKTITLE = "Proc. {EUROCAL} '85", YEAR = 1985,
 MONTH = "April"}

@ARTICLE{Gates:85a,
 AUTHOR = "Barbara L. Gates",
 TITLE = "Gentran:  An Automatic Code Generation Facility
for {REDUCE}",
 JOURNAL = "{SIGSAM} Bulletin",
 YEAR = 1985, VOLUME = 19, NUMBER = 3, PAGES = "24-42", MONTH = "August"}

@TECHREPORT{Gates:85b,
 AUTHOR = "Barbara L. Gates",
 TITLE = "Gentran User's Manual - {REDUCE} Version",
 INSTITUTION = "Twente University of Technology, Department of
Computer Science, The Netherlands", TYPE = "Memorandum",
 YEAR = 1985, NUMBER = "INF-85-11", MONTH = "June"}

@INPROCEEDINGS{Gates:86,
 AUTHOR = "Barbara L. Gates",
 TITLE = "A Numerical Code Generation Facility for {REDUCE}",
 BOOKTITLE = "Proc. {SYMSAC} '86",
 YEAR = 1986, PAGES = "94-99", MONTH = "July"}

@MANUAL{Kernighan:79,
  AUTHOR = "B. W. Kernighan",
  TITLE = "{RATFOR} -- A Preprocessor for a Rational Fortran",
  SERIES = "{UNIX} Programmer's Manual",
  VOLUME = "2B", EDITION = "Seventh",
  PUBLISHER = "Bell Telephone Laboratories, Inc.",
  ADDRESS = "Murray Hill, New Jersey",
  YEAR = 1979}

@BOOK{Kernighan:78,
  AUTHOR = "B. W. Kernighan and Dennis M. Ritchie",
  TITLE = "The {C} Programming Language",
  PUBLISHER = "Prentice-Hall",
  ADDRESS = "Englewood Cliffs, New Jersey",
  YEAR = 1978}

@ARTICLE{Wang:86,
  AUTHOR = "Paul S. Wang",
  TITLE = "{FINGER}:  A Symbolic System for Automatic Generation of
Numerical Programs in Finite Element Analysis",
  JOURNAL = "Journal of Symbolic Computation",
  VOLUME = 2, YEAR = 1986}

@MASTERSTHESIS{vandenHeuvel:86ms,
  AUTHOR = "Pim van den Heuvel",
  TITLE = "Aspects of Program Generation Related to Automatic
Differentiation",
  SCHOOL = "Twente University of Technology",
  ADDRESS = "Department of Computer Science, Enschede, The Netherlands",
  MONTH = "December", YEAR = 1986}

@INPROCEEDINGS{vanHulzen:89,
 AUTHOR = "J. A. van Hulzen and B. J. A. Hulshof and B. L. Gates and
M. C. Van Heerwaarden",
 TITLE = "A Code Optimization Package for {REDUCE}",
 BOOKTITLE = "Proc. of {ISSAC} '89", PUBLISHER = "{ACM} Press, New York",
 YEAR = 1989, PAGES = "163-170",
 COMMENT = {Lecture Notes.}}

@INPROCEEDINGS{Wang:84,
  AUTHOR = "Paul S. Wang and T. Y. P. Chang and J. A. van Hulzen",
  TITLE = "Code Generation and Optimization for Finite Element Analysis",
  BOOKTITLE = "{EUROSAM} '84 Conference Proceedings",
  PUBLISHER = "Springer-Verlag", SERIES = "{LNCS} Series", YEAR = 1984}
